@article{ahmadi2012development,
  title={Development and characterization of a novel biodegradable edible film obtained from psyllium seed (Plantago ovata Forsk)},
  author={Ahmadi, Reza and Kalbasi-Ashtari, Ahmad and Oromiehie, Abdulrasoul and Yarmand, Mohammad-Saeed and Jahandideh, Forough},
  journal={Journal of Food Engineering},
  volume={109},
  number={4},
  pages={745--751},
  year={2012},
  publisher={Elsevier}
}


@article{bagchi2016studies,
  Title={Studies on water soluble polysaccharides from \textit{Pithecellobium dulce} ({R}oxb.) {B}enth. seeds},
  Author={Bagchi, S and Kumar, K Jayaram},
  Journal={Carbohydrate Polymers},
  Year={2016},
  Pages={215--221},
  Volume={138},
  Publisher={Elsevier}
}

@article{coelho2016revisiting,
  title={Revisiting the structural features of arabinoxylans from brewers’ spent grain},
  author={Coelho, Elisabete and Rocha, M Angélica M and Moreira, Ana SP and Domingues, M Rosário M and Coimbra, Manuel A},
  journal={Carbohydrate Polymers},
  volume={139},
  pages={167--176},
  year={2016},
  publisher={Elsevier}
}

@article{dima2016kinetics,
  title={The kinetics of the swelling process and the release mechanisms of Coriandrum sativum L. essential oil from chitosan/alginate/inulin microcapsules},
  author={Dima, Cristian and P{\u{a}}tra{\c{s}}cu, Livia and Cantaragiu, Alina and Alexe, Petru and Dima, {\c{S}}tefan},
  journal={Food Chemistry},
  volume={195},
  pages={39--48},
  year={2016},
  publisher={Elsevier}
}

@article{hromadkova2013structural,
  Title={Structural features of two heteroxylan polysaccharide fractions from wheat bran with anti-complementary and antioxidant activities},
  Author={Hromádková, Zdenka and Paulsen, Berit Smestad and Polovka, Martin and Ko{\v{s}}t'álová, Zuzana and Ebringerová, Anna},
  Journal={Carbohydrate Polymers},
  Year={2013},
  Number={1},
  Pages={22--30},
  Volume={93},
  Publisher={Elsevier}
}

@article{iqbal2011evaluation,
  Title={Evaluation of hot-water extracted arabinoxylans from ispaghula seeds as drug carriers},
  Author={Iqbal, Mohammad S and Akbar, Jamshed and Hussain, Muhammad A and Saghir, Shazia and Sher, Muhammad},
  Journal={Carbohydrate Polymers},
  Year={2011},
  Number={3},
  Pages={1218--1225},
  Volume={83},
  Publisher={Elsevier}
}

@article{kamboj2014physicochemical,
  title={Physicochemical, rheological and antioxidant potential of corn fiber gum},
  author={Kamboj, Sunil and Rana, Vikas},
  journal={Food Hydrocolloids},
  volume={39},
  pages={1--9},
  year={2014},
  publisher={Elsevier}
}

@article{malunga2017effect,
  title={Effect of water-extractable arabinoxylans from wheat aleurone and bran on lipid peroxidation and factors influencing their antioxidant capacity},
  author={Malunga, Lovemore Nkhata and Izydorczyk, Marta and Beta, Trust},
  journal={Bioactive Carbohydrates and Dietary Fibre},
  volume={10},
  pages={20--26},
  year={2017},
  publisher={Elsevier}
}

@article{moate2011influence,
  title={Influence of cold-pressed canola, brewers grains and hominy meal as dietary supplements suitable for reducing enteric methane emissions from lactating dairy cows},
  author={Moate, PJ and Williams, SRO and Grainger, C and Hannah, MC and Ponnampalam, EN and Eckard, RJ},
  journal={Animal Feed Science and Technology},
  volume={166},
  pages={254--264},
  year={2011},
  publisher={Elsevier}
}

@article{vsimkovic2011positively,
  title={Positively and negatively charged xylan films},
  author={{\v{S}}imkovic, Ivan and Gedeon, Ondrej and Uhliariková, Iveta and Mendichi, Raniero and Kirschnerová, So{\v{n}}a},
  journal={Carbohydrate Polymers},
  volume={83},
  number={2},
  pages={769--775},
  year={2011},
  publisher={Elsevier}
}

@article{xiong2013antioxidant,
  title={Antioxidant activity of xanthan oligosaccharides prepared by different degradation methods},
  author={Xiong, Xiaoying and Li, Ming and Xie, Jing and Jin, Qi and Xue, Bin and Sun, Tao},
  journal={Carbohydrate Polymers},
  volume={92},
  number={2},
  pages={1166--1171},
  year={2013},
  publisher={Elsevier}
}

@article{zhou2014validation,
  title={Validation of lignocellulosic biomass carbohydrates determination via acid hydrolysis},
  author={Zhou, Shengfei and Runge, Troy M},
  journal={Carbohydrate Polymers},
  volume={112},
  pages={179--185},
  year={2014},
  publisher={Elsevier}
}
