@article{ali2017effect,
  title={Effect of $\beta$-glucan-fatty acid esters on microstructure and physical properties of wheat straw arabinoxylan films},
  author={Ali, Usman and Bijalwan, Vandana and Basu, Santanu and Kesarwani, Atul Kumar and Mazumder, Koushik},
  journal={Carbohydrate Polymers},
  volume={161},
  pages={90--98},
  year={2017},
  publisher={Elsevier}
}

@article{bender2017optimization,
  title={Optimization of arabinoxylan isolation from rye bran by adapting extraction solvent and use of enzymes},
  author={Bender, Denisse and Nemeth, Renata and Wimmer, Michaela and G{\"o}tschhofer, Sylvia and Biolchi, Matilde and T{\"o}r{\"o}k, Kitti and T{\"o}m{\"o}sk{\"o}zi, Sandor and D\textquoteright Amico, Stefano and Schoenlechner, Regine},
  journal={Journal of Food Science},
  volume={82},
  number={11},
  pages={2562--2568},
  year={2017},
  publisher={Wiley Online Library}
}

@article{bender2017chemical,
  title={Chemical and rheological characterization of arabinoxylan isolates from rye bran},
  author={Bender, Denisse and Schmatz, Maximilian and Novalin, Senad and Nemeth, Renata and Chrysanthopoulou, Foteini and T{\"o}m{\"o}sk{\"o}zi, Sandor and T{\"o}r{\"o}k, Kitti and Schoenlechner, Regine and D\textquoteright Amico, Stefano},
  journal={Chemical and Biological Technologies in Agriculture},
  volume={4},
  number={1},
  pages={14},
  year={2017},
  publisher={Springer}
}

@article{chen2014arabinoxylan,
  title={Arabinoxylan in wheat is more responsible than cellulose for promoting intestinal barrier function in weaned male piglets},
  author={Chen, Hong and Wang, Wei and Degroote, Jeroen and Possemiers, Sam and Chen, Daiwen and De Smet, Stefaan and Michiels, Joris},
  journal={The Journal of Nutrition},
  volume={145},
  number={1},
  pages={51--58},
  year={2014},
  publisher={Oxford University Press}
}

@article{gonzalez2015covalently,
  title={Covalently cross-linked arabinoxylans films for \textit{Debaryomyces hansenii} entrapment},
  author={González-Estrada, Ramsés and Calderón-Santoyo, Montserrat and Carvajal-Millan, Elizabeth and Valle, Felipe and Ragazzo-Sánchez, Juan and Brown-Bojorquez, Francisco and Rascón-Chu, Agustín},
  journal={Molecules},
  volume={20},
  number={6},
  pages={11373--11386},
  year={2015},
  publisher={Multidisciplinary Digital Publishing Institute}
}

@article{hardelin2018microcellular,
  title={Microcellular foaming of arabinoxylan and PEGylated arabinoxylan with supercritical CO$_{2}$},
  author={H{\"a}rdelin, Linda and Str{\"o}m, Anna and Di Maio, Ernesto and Iannace, Salvatore and Larsson, Anette},
  journal={Carbohydrate Polymers},
  volume={181},
  pages={442--449},
  year={2018},
  publisher={Elsevier}
}

@article{kamboj2014physicochemical,
  title={Physicochemical, rheological and antioxidant potential of corn fiber gum},
  author={Kamboj, Sunil and Rana, Vikas},
  journal={Food Hydrocolloids},
  volume={39},
  pages={1--9},
  year={2014},
  publisher={Elsevier}
}

@article{king200nonstationary,
title   = {Nonstationary Hypotheses},
author  = {King, P. M.},
journal = {Journal of {A}merican {S}tatistics},
volume  = {98},
number  = {428},
pages   = {1437--1487},
year    = {2000}
}

@article{king2000semiparametric,
title   = {Semiparametric Time Series},
author  = {King, P. M.},
journal = {The {W}orld {A}nnals of {S}tatistics},
pages   = {539--559},
year    = {2000},
volume  = {52},
number  = {1}
}

@article{king2001regression,
title   = {Regression and Dependence},
author  = {King, P. M.},
journal = {The {W}orld {A}nnals of {S}tatistics},
pages   = {1072--1099},
year    = {2001},
volume  = {53},
number  = {3}
}

@article{king2001gaussian,
title   = {Gaussian Semiparametric Estimation of Long Range Dependence},
author  = {King, P. M.},
journal = {The {W}orld {A}nnals of {S}tatistics},
pages   = {1661--1691},
volume  = {54},
number  = {2},
year    = {2001}
}

@article{mccleary2015hydrolysis,
  title={Hydrolysis of wheat flour arabinoxylan, acid-debranched wheat flour arabinoxylan and arabino-xylo-oligosaccharides by $\beta$-xylanase, $\alpha$-{{\scriptsize L}}-arabinofuranosidase and $\beta$-xylosidase},
  author={McCleary, Barry V and McKie, Vincent A and Draga, Anna and Rooney, Edward and Mangan, David and Larkin, Jennifer},
  journal={Carbohydrate Research},
  volume={407},
  pages={79--96},
  year={2015},
  publisher={Elsevier}
}

@article{perez2019physicochemical,
  title={Physicochemical characterization of an arabinoxylan-rich fraction from brewers' spent grain and its application as a release matrix for caffeine},
  author={Pérez-Flores, Jesús Guadalupe and Contreras-López, Elizabeth and Casta{\~n}eda-Ovando, Araceli and Pérez-Moreno, Fidel and Aguilar-Arteaga, Karina and Álvarez-Romero, Giaan A and Téllez-Jurado, Alejandro},
  journal={Food Research International},
  volume={116},
  pages={1020--1030},
  year={2019},
  publisher={Elsevier}
}

@article{rosicka2016influence,
  title={The influence of arabinoxylans on the quality of grain industry products},
  author={Rosicka-Kaczmarek, Justyna and Komisarczyk, Aleksandra and Nebesny, Ewa and Makowski, Bart{\l}omiej},
  journal={European Food Research and Technology},
  volume={242},
  number={3},
  pages={295--303},
  year={2016},
  publisher={Springer}
}

@article{wang2012optimization,
  title={Optimization of polysaccharides from Panax japonicus CA Meyer by RSM and its anti-oxidant activity},
  author={Wang, Rufeng and Chen, Ping and Jia, Fang and Tang, Jin and Ma, Fang},
  journal={International Journal of Biological Macromolecules},
  volume={50},
  number={2},
  pages={331--336},
  year={2012},
  publisher={Elsevier}
}

@article{wang2014optimisation,
  title={Optimisation of ultrasound-assisted enzymatic extraction of arabinoxylan from wheat bran},
  author={Wang, Jing and Sun, Baoguo and Liu, Yingli and Zhang, Huijuan},
  journal={Food Chemistry},
  volume={150},
  pages={482--488},
  year={2014},
  publisher={Elsevier}
}

@article{zhang2015fractionation,
  title={Fractionation of corn stover into cellulose, hemicellulose and lignin using a series of ionic liquids},
  author={Zhang, Peng and Dong, Shi-Jia and Ma, Hui-Hui and Zhang, Bi-Xian and Wang, Yu-Fei and Hu, Xiao-Mei},
  journal={Industrial Crops and Products},
  volume={76},
  pages={688--696},
  year={2015},
  publisher={Elsevier}
}

@article{zhang2014extraction,
  title={Extraction and modification technology of arabinoxylans from cereal by-products: A critical review},
  author={Zhang, Zhengxiao and Smith, Christopher and Li, Weili},
  journal={Food Research International},
  volume={65},
  pages={423--436},
  year={2014},
  publisher={Elsevier}
}
