@article{du2014beta,
  title={$\beta$-Glucan extraction from bran of hull-less barley by accelerated solvent extraction combined with response surface methodology},
  author={Du, Bin and Zhu, Fengmei and Xu, Baojun},
  journal={Journal of Cereal Science},
  volume={59},
  number={1},
  pages={95--100},
  year={2014},
  publisher={Elsevier}
}
